Date,Region,Product_Category,Sales,Profit,Customers
2024-01-31,North,A,5000,1200,50
2024-02-29,South,B,7000,1500,70
2024-03-31,East,C,6000,1300,60
2024-04-30,West,D,8000,1600,80
2024-05-31,North,A,5500,1250,55
2024-06-30,South,B,7200,1550,72
2024-07-31,East,C,6100,1320,61
2024-08-31,West,D,8300,1650,83
2024-09-30,North,A,5800,1280,58
2024-10-31,South,B,7500,1580,75
2024-11-30,East,C,6200,1350,62
2024-12-31,West,D,8600,1700,86
